@online{ONLINE_NAME,
	title={},
	author={},
	organization={},
	url={},
	date={},
	urldate={}
}
@book{BOOK_NAME,
	title={},
	author={},
	publisher={},
	edition={},
	year={}
}



@online{ups,
	title={UPS: How IoT devices are transforming supply chain logistics},
	author={Karen Roby},
	organization={TechnologyAdvice},
	url={https://www.techrepublic.com/article/ups-how-iot-devices-are-transforming-supply-chain-logistics/},
	date={2020-05-11},
	urldate={2021-11-22}
}
@online{johndeere,
	title = {John Deere turns to IoT to make smart farming a reality},
	url = {https://internetofbusiness.com/john-deere-turns-iot-smart-farming/},
	author = {{Cambridge Innovation Institute}},
	date={2020},
	urldate = {2021-11-22},
}
@misc{http,
	title={Hypertext Transfer Protocol -- HTTP/1.0},
	author={Tim Berners-Lee},
	organization={Internet Engineering Task Force},
	number=1945,
	howpublished={RFC 1945},
	publisher={RFC Editor},
	doi={10.17487/RFC1945},
	url={https://rfc-editor.org/rfc/rfc1945.txt},
	date={1996-05}
}
@online{httpUsage,
	title={An overview of HTTP},
	author={{Mozilla Corporation}},
	url={https://developer.mozilla.org/en-US/docs/Web/HTTP/Overview},
	date={2021-11-23},
	urldate={2021-11-27}
}
@online{http2Browser,
	title={HTTP/2 protocol},
	author={Alexis Deveria},
	url={https://caniuse.com/http2},
	date={2021-11},
	urldate={2021-11-27}
}
@online{http2Website,
	title={Usage statistics of HTTP/2 for websites},
	author={{Q-Success}},
	url={https://w3techs.com/technologies/details/ce-http2},
	date={2021-11},
	urldate={2021-11-27}
}
@misc{http3,
	title={Hypertext Transfer Protocol Version 3 (HTTP/3)},
	author={Mike Bishop},
	organization={Internet Engineering Task Force},
	number={draft-ietf-quic-http-34},
	type={Internet-Draft},
	publisher={Internet Engineering Task Force},
	note={Work in Progress},
	url={https://datatracker.ietf.org/doc/html/draft-ietf-quic-http-34},
	date={2021-02-02}
}
@online{http3Browser,
	title={HTTP/3 protocol},
	author={Alexis Deveria},
	url={https://caniuse.com/http3},
	date={2021-11},
	urldate={2021-11-27}
}
@online{http3Website,
	title={Usage statistics of HTTP/3 for websites},
	author={{Q-Success}},
	url={https://w3techs.com/technologies/details/ce-http3},
	date={2021-11},
	urldate={2021-11-27}
}
@misc{https,
	title={HTTP Over TLS},
	author={Eric Rescorla},
	organization={Internet Engineering Task Force},
	number=2818,
	howpublished={RFC 2818},
	publisher={RFC Editor},
	doi={10.17487/RFC2818},
	url={https://rfc-editor.org/rfc/rfc2818.txt},
	date={2000-05}
}
@online{httpsUsage,
	title={Let's Encrypt Stats},
	author={{Internet Security Research Group}},
	url={https://letsencrypt.org/stats/},
	date={2021-11},
	urldate={2021-11-27}
}
@phdthesis{fieldingDissertation,
	title={Architectural Styles and the Design of Network-based Software Architectures},
	author={Roy Thomas Fielding},
	school={University of California},
	url={https://www.ics.uci.edu/~fielding/pubs/dissertation/fielding_dissertation.pdf},
	year={2000}
}
@book{restApiDesign,
	title={RESTful API Design},
	author={Matthias Biehl},
	publisher={API-University Press},
	edition={1},
	year={2016}
}
@book{restWebApi,
	title={RESTful Web APIs: Services for a Changing World},
	author={Leonard Richardson and Mike Amundsen and Michael Amundsen and Sam Ruby},
	publisher={O'Reilly Media, Inc.},
	edition={1},
	year={2013}
}
@misc{uri,
	title={Uniform Resource Identifier (URI): Generic Syntax},
	author={Tim Berners-Lee and Roy T. Fielding and Larry M. Masinter},
	organization={Internet Engineering Task Force},
	number=3986,
	howpublished={RFC 3986},
	publisher={RFC Editor},
	doi={10.17487/RFC3986},
	url={https://rfc-editor.org/rfc/rfc3986.txt},
	date={2005-01}
}
@misc{json,
	title={The JavaScript Object Notation (JSON) Data Interchange Format},
	author={Tim Bray},
	organization={Internet Engineering Task Force},
	number=8259,
	howpublished={RFC 8259},
	publisher={RFC Editor},
	doi={10.17487/RFC8259},
	url={https://rfc-editor.org/rfc/rfc8259.txt},
	date={2017-12}
}
@online{jsonBrowser,
	title={JSON parsing},
	author={Alexis Deveria},
	url={https://caniuse.com/json},
	date={2021-12},
	urldate={2021-12-11}
}
@misc{opcua,
	title={IEC TR 62541-1:2020 RLV},
	author={{TC 65/SC 65E}},
	organization={OPC Foundation},
	number=68039,
	note={Edition 3.0},
	url={https://webstore.iec.ch/publication/68039},
	date={2020-11-18}
}
@inproceedings{opcAnderl,
    title={Concept for Improved Automation of Distributed Systems with a Declarative Control based on OPC UA and REST},
    booktitle={2019 7th International Conference on Control, Mechatronics and Automation (ICCMA)},
    author={Erdal Tantik and Reiner Anderl},
    volume={},
    number={},
    pages={260-265},
    doi={10.1109/ICCMA46720.2019.8988777},
    year={2019}
}
@misc{websockets,
	title={The WebSocket Protocol},
	author={Alexey Melnikov and Ian Fette},
	organization={Internet Engineering Task Force},
	number=6455,
	howpublished={RFC 6455},
	publisher={RFC Editor},
	doi={10.17487/RFC6455},
	url={https://rfc-editor.org/rfc/rfc6455.txt},
	date={2011-12}
}
@online{webSocketBrowser,
	title={Web Sockets},
	author={Alexis Deveria},
	url={https://caniuse.com/websockets},
	date={2021-12},
	urldate={2021-12-17}
}
@misc{uuid,
	title={A Universally Unique IDentifier (UUID) URN Namespace},
	author={Paul J. Leach and Rich Salz and Michael H. Mealling},
	organization={Internet Engineering Task Force},
	number=4122,
	howpublished={RFC 4122},
	publisher={RFC Editor},
	doi={10.17487/RFC4122},
	url={https://rfc-editor.org/rfc/rfc4122.txt},
	date={2005-07}
}
@online{uuidVersions,
	title={What is a UUID?},
	author={Sean Ryan},
	organization={mParticle},
	url={https://www.mparticle.com/blog/what-is-a-uuid},
	date={2021-07-12},
	urldate={2021-12-18}
}
@misc{restBasedIiot,
	title={REST based OPC UA for the IIoT},
	author={Rainer Schiekofer and Andreas Scholz and Michael Weyrich},
	organization={Siemens AG and University of Stuttgart},
	url={https://www.ias.uni-stuttgart.de/dokumente/publikationen/2018_rest_based_opc_ua_for_the_iiot.pdf},
	date={2018}
}
@online{whyOpc,
	title={Why Use OPC UA Instead of RESTful Interface},
	author={John S. Rinaldi},
	organization={Real Time Automation},
	url={https://www.rtautomation.com/rtas-blog/why-use-opc-ua-instead-of-restful-interface/},
	date={2019-05-25},
	urldate={2021-12-21}
}
@article{besprokeCpus,
    title={Bespoke processors: A new path to cheap chips}, 
    author={Samuel K. Moore},
    journal={IEEE Spectrum}, 
    year={2017},
    volume={54},
    number={8},
    pages={11-12},
    doi={10.1109/MSPEC.2017.8000275}
}
@inproceedings{iotAnderl,
    title = {Attribute-based network and system access control architecture for industrial machines},
    author = {Alexander Kern and Reiner Anderl},
    location = {Granada, Spain},
    isbn = {978-1-7281-2949-5},
    language = {en},
    publisher = {IEEE},
    year = {2019},
    month = {11},
    eventdate = {2019-10-22},
    note = {Event Title: 2019 Sixth International Conference on Internet of Things: Systems, Management and Security (IoTSMS19)},
    doi = {https://doi.org/10.1109/IOTSMS48152.2019.8939227},
    url = {http://tubiblio.ulb.tu-darmstadt.de/116467/}
}
@online{iotGovernment,
	title={Gartner Says Global Government IoT Revenue for Endpoint Electronics and Communications to Total \$21 Billion in 2022},
	author={Laurence Goasduff},
	organization={Gartner},
	url={https://www.gartner.com/en/newsroom/press-releases/2021-06-30-gartner-global-government-iot-revenue-for-endpoint-electronics-and-communications-to-total-us-dollars-21-billion-in-2022},
	date={2021-06-30},
	urldate={2021-12-23}
}
@online{iotSpending,
	title={Global IoT end-user spending worldwide 2017-2025},
	author={Lionel Sujay Vailshery},
	organization={Statista},
	url={https://www.statista.com/statistics/976313/global-iot-market-size/},
	date={2021-01-22},
	urldate={2021-12-23}
}
@article{industrie40anderl,
    title = {Industrie 4.0 – technological approaches, use cases, and implementation},
    author = {Reiner Anderl},
    doi = {doi:10.1515/auto-2015-0025},
    url = {https://doi.org/10.1515/auto-2015-0025},
    journal = {at - Automatisierungstechnik},
    number = {10},
    volume = {63},
    year = {2015},
    pages = {753--765}
}
@misc{iiotReference,
	title={The Industrial Internet of Things Volume G1: Reference Architecture},
	author={Sam Bhattarai and Graham Bleakley and Marcellus Buchheit and Chuck Byers and Amine Chigani and Mark Crawford and Jacques Durand and Anish Karmarkar and Jean-Pierre LeBlanc and Shi-Wan Lin and Robert Martin and Bradford Miller and Brett Murphy and Sven Schrecker and Eric Simmon and Daniel Young},
	organization={Industry IoT Consortium},
	howpublished={IIRA-v1.9},
	url={https://www.iiconsortium.org/pdf/IIRA-v1.9.pdf},
	date={2019-06-19}
}
@inproceedings{iotApplications,
    title={Application of the Internet of Things (IoT) Technology in Consumer Electronics - Case Study},
    author={Ożadowicz, Andrzej and Grela, Jakub and Wisniewski, Lukasz and Smok, Krzysztof},
    booktitle={2018 IEEE 23rd International Conference on Emerging Technologies and Factory Automation (ETFA)}, 
    year={2018},
    volume={1},
    number={},
    pages={1037-1042},
    doi={10.1109/ETFA.2018.8502468}
}
@online{wegIndustrie10zu40,
	title={Der Weg von Industrie 1.0 zu Industrie 4.0},
	author={Inray},
	url={https://www.inray.de/aktuelles/der-weg-von-industrie-1-0-nach-industrie-4-0},
	date={2021-08-06},
	urldate={2022-01-02}
}
@online{industrie40explained,
	title={Industry 4.0 and the fourth industrial revolution explained},
	author={{i-SCOOP}},
	url={https://www.i-scoop.eu/industry-4-0/},
	date={2022-01-06},
	urldate={2022-01-07}
}
@inproceedings{industrie40design,
    title={Design Principles for Industrie 4.0 Scenarios},
    author={Mario Hermann and Tobias Pentek and Boris Otto},
    booktitle={2016 49th Hawaii International Conference on System Sciences (HICSS)},
    year={2016},
    volume={},
    number={},
    pages={3928-3937},
    doi={10.1109/HICSS.2016.488}
}
@misc{industrie40norm,
	title={Deutsche Normungsroadmap Industrie 4.0},
	author={{Standardization Council Industrie 4.0}},
	organization={DIN and DKE},
	publisher={Deutsche Kommission Elektrotechnik Elektronik Informationstechnik in DIN und VDE},
	url={https://www.din.de/resource/blob/95954/fef3e0c46a3b5d042f25078c50547f0d/aktualisierte-roadmap-i40-data.pdf},
	date={2020-03}
}
@inproceedings{digitalerZwilling,
    title = {Der digitale Zwilling - Ein Zwischenbericht},
    author = {Stefan Kugler and Alexander Christ and Reiner Anderl},
    year = {2017},
    eventdate = {2017-07-05},
    month = {07},
    note = {Event Title: SIEMENS PLM Connection Deutschland 2017},
    address = {Seeheim - Jugenheim},
    language = {de},
    url = {http://tubiblio.ulb.tu-darmstadt.de/113759/},
}
@article{industrie40dezentral,
    title={Decentralized decision support for intelligent manufacturing in Industry 4.0}, 
    author={Marques, Mariaa and Agostinho, Carlosa and Zacharewicz, Gregoryb and Jardim-Gonçalves, Ricardo},
    organization={Center of Technology and Systems and University Bordeaux and Universidade Nova de Lisboa},
    journal={Journal of Ambient Intelligence and Smart Environments},
    type={Research Article},
    year={2017},
    volume={9},
    number={3},
    pages={299-313},
    doi={10.3233/AIS-170436}
}
@inproceedings{industrie40service,
    title="The Role of Internet of Services (IoS) on Industry 4.0 Through the Service Oriented Architecture (SOA)",
    author="Reis, Jacqueline Zonichenn and Gon{\c{c}}alves, Rodrigo Franco",
    editor="Moon, Ilkyeong and Lee, Gyu M. and Park, Jinwoo and Kiritsis, Dimitris and von Cieminski, Gregor",
    booktitle="Advances in Production Management Systems. Smart Manufacturing for Industry 4.0",
    year="2018",
    publisher="Springer International Publishing",
    address="Cham",
    pages="20--26",
}
@article{industrie40modularity,
    title={Modularity enablers: a tool for Industry 4.0},
    author={Gupta, Piyush},
    journal={Life Cycle Reliability and Safety Engineering},
    year={2019},
    month={06},
    day={01},
    volume={8},
    number={2},
    pages={157-163},
    issn={2520-1360},
    doi={10.1007/s41872-018-0067-3},
    url={https://doi.org/10.1007/s41872-018-0067-3}
}
@online{guidelineWeb,
	title={Europa Web Guide},
	author={Fabio Mauri and Alice Bourrouet},
	organisation={European Commission},
	url={https://wikis.ec.europa.eu/display/WEBGUIDE/Europa+Web+Guide},
	date={2021-10-22},
	urldate={2022-01-10}
}
@online{guidelineBrowserSupport,
	title={01. Browser support - WEBGUIDE - EC Public Wiki},
	author={Fabio Mauri and Alice Bourrouet},
	organisation={European Commission},
	url={https://wikis.ec.europa.eu/display/WEBGUIDE/01.+Browser+support},
	date={2021-02-04},
	urldate={2022-01-10}
}
@online{guidelineDataProtextion,
	title={01. Data Protection - WEBGUIDE - EC Public Wiki},
	author={Fabio Mauri and Alice Bourrouet},
	organisation={European Commission},
	url={https://wikis.ec.europa.eu/display/WEBGUIDE/01.+Data+Protection},
	date={2021-05-07},
	urldate={2022-01-10}
}
@online{browserMarketShare,
	title={Desktop Browser Market Share Worldwide},
	author={StatCounter},
	url={https://gs.statcounter.com/browser-market-share/desktop/worldwide/#monthly-202012-202112-bar},
	date={2021-12},
	urldate={2022-01-10}
}
@online{browserVersionAdoption,
	title={The developer's guide to browser adoption rates},
	author={Christian Babski},
	url={http://blog.computedby.com/archives/100-The-developers-guide-to-browser-adoption-rates.html},
	date={2011-10-18},
	urldate={2022-01-10}
}
@misc{euDataProtectionRegulation,
	title={Regulation (EU) 2018/1725},
	howpublished={IEC/TS 62443-1-1},
	version={1.0},
	author={{European Parliament and Council}},
	number={32018R1725},
	url={https://eur-lex.europa.eu/legal-content/EN/TXT/?uri=CELEX:32018R1725},
	date={2018-10-21},
	urldate={2022-01-11}
}
@misc{IEC62443,
    title={Industrial communication networks - Network and system security - Part 1-1: Terminology, concepts and models},
	howpublished={IEC/TS 62443-1-1},
	author={{TC 65 - Industrial-process measurement, control and automation}},
	version={1.0},
	type={Technical Specification},
	url={https://webstore.iec.ch/publication/7029},
	date={2009-07-30},
	urldate={2022-01-11}
}
@online{plcRest,
    title={RESTful API for Simatic S7-1200 PLC \& Python Client (Part 1)},
	author={Johannes Kinzig},
	url={https://johanneskinzig.de/index.php/software-development/18-restful-api-for-simatic-s7-1200-plc-python-client},
	date={2018-03-26},
	urldate={2022-01-12}
}
@misc{industrie40adaption,
	title={Industry 4.0 Adoption 2020 – who is ahead?},
	author={Matthew Wopata},
	organization={IoT Analytics GmbH},
	url={https://iot-analytics.com/industry-4-0-adoption-2020-who-is-ahead/},
	date={2020-02-04},
	urldate={2022-01-13}
}
@online{industrie40slowAdoption,
    title={Manufacturing Industry has Been Slow to Adopt New Technology},
	author={Mara Gonzalez},
	organization={MavenEcommerce},
	url={https://fullstack.net/manufacturing-industry-has-been-slow-to-adopt-new-technology/},
	date={2018-06-05},
	urldate={2022-01-13}
}
@misc{bp,
	title={Mojito, Caipirinha, Sex on the Beach, Die Rezepte des BAR-Robots müssen auf eine Plattform},
	author={Robin Garbe and Adriaan Mulder and Joe Thao and Daniel Brosch and Krister Haas},
	type={Qualitätssicherungsdokument},
	organization={DiK},
	date={2019-03-31}
}
@online{scratchInterface,
    title={User Interface - Scratch Wiki},
	author={{Scratch Wiki}},
	url={https://en.scratch-wiki.info/wiki/User_Interface},
	date={2022-01-18},
	urldate={2022-01-18}
}
@online{jsonDefinition,
	title={Introducing JSON},
	author={{Internet Engineering Task Force}},
	url={https://www.json.org/json-en.html},
	date={2022-01-05},
	urldate={2022-01-07}
}
@online{opcNetwork,
	title={What is OPC UA? A practical introduction},
	author={{inray Industriesoftware GmbH}},
	url={https://www.opc-router.com/what-is-opc-ua/},
	date={2022},
	urldate={2022-01-08}
}
